@misc{intelchef,
    title = {{Advanced Computer Concepts for the (Not So) Common Chef: Memory Hierarchy: Of Registers, Cache {\&} Memory}},
    year = {2015},
    url = {https://software.intel.com/content/www/us/en/develop/blogs/advanced-computer-concepts-for-the-not-so-common-chef-memory-hierarchy-of-registers.html}
}

@misc{r2default,
    title = {{Analysis By Default}},
    year = {2015},
    author = {{pancake}},
    url = {https://radareorg.github.io/blog/posts/analysis-by-default/}
}

@book{x64beg,
    title = {{Beginning x64 Assembly Programming: From Novice to AVX Professional Paperback}},
    year = {2019},
    author = {Hoey, Jo Van},
    edition = {1},
    pages = {436},
    publisher = {Apress},
    isbn = {978-1484250754}
}

@book{compsec,
    title = {{Computer Security: Principles and Practice, Global Edition}},
    year = {2018},
    author = {Stallings, William},
    edition = {4},
    pages = {800},
    publisher = {Pearson},
    isbn = {978-1292220611}
}

@misc{cwe121,
    title = {{CWE-121: Stack-based Buffer Overflow}},
    year = {2006},
    booktitle = {Mitre},
    author = {{CLASP}},
    url = {https://cwe.mitre.org/data/definitions/121.html}
}

@misc{gdb,
    title = {{GDB: The GNU Project Debugger Documentation}},
    year = {2020},
    url = {https://www.gnu.org/software/gdb/documentation/}
}

@misc{binutils,
    title = {{GNU Binary Utilities Documentation}},
    year = {2002},
    pages = {1--9},
    url = {http://www.gnu.org/software/binutils/manual/}
}

@article{inteldev,
    title = {{Intel 64 and IA-32 Architectures Software Developer’s Manual Combined Volumes}},
    year = {2011},
    journal = {System},
    author = {{Intel}},
    number = {253665},
    volume = {3},
    doi = {10.1109/MAHC.2010.22},
    keywords = {253665, IA-32 architecture, Intel 64, IA-32 architecture, 253665}
}

@book{c11,
    title = {{ISO/IEC 9899:201x, International Standard Programming languages — C, Committee Draft}},
    year = {2010},
    author = {{ISO} and {IEC}},
    edition = {N1570},
    pages = {683},
    publisher = {ISO/IEC},
    url = {http://www.open-std.org/jtc1/sc22/wg14/www/docs/n1570.pdf}
}

@misc{nmapcl,
    title = {{Nmap Change Log}},
    year = {2020},
    booktitle = {nmapchangelog},
    author = {Lyon, Gordon},
    month = {11},
    url = {https://nmap.org/changelog}
}

@book{nmap,
    title = {{Nmap network scanning : official Nmap project guide to network discovery and security scanning}},
    year = {2008},
    author = {Lyon, Gordon},
    publisher = {Insecure.Com, LLC},
    address = {Sunnyvale, CA},
    isbn = {978-0979958717}
}

@techreport{pracbin,
    title = {{PRACTICAL BINARY ANALYSIS Build Your Own Linux Tools for Binary Instrumentation, Analysis, and Disassembly}},
    year = {2019},
    author = {Andriesse, Dennis and Francisco, San},
    edition = {2},
    pages = {431},
    publisher = {No Starch Press},
    url = {https://lccn.loc.gov/2018040696},
    isbn = {1593279124}
}

@book{pracsql,
    title = {{Practical SQL: A Beginner's Guide to Storytelling with Data}},
    year = {2018},
    author = {DeBarros, Anthony},
    pages = {351},
    publisher = {No Starch Press},
    isbn = {9781593278274}
}

@misc{r2repo,
    title = {{radare2 GitHub repository}},
    year = {2020},
    author = {{pancake}},
    url = {https://github.com/radareorg/radare2}
}

@book{re4b,
    title = {{Reverse Engineering for Beginners}},
    year = {2013},
    author = {Yurichev, Dennis},
    url = {https://beginners.re}
}

@article{smash,
    title = {{Smashing The Stack For Fun And Profit Aleph One Why Do We Use A Stack ?}},
    year = {1996},
    journal = {Phrack},
    author = {{BigTraq} and {r00t} and {Underground.Org}},
    issn = {01464833}
}

@book{radare2,
    title = {{The Official Radare2 Book}},
    year = {2020},
    author = {{pancake} and {maijin} and {et al.}},
    url = {https://book.rada.re/}
}

@article{VonNeumann1993FirstEDVAC,
    title = {{First Draft of a Report on the EDVAC}},
    year = {1993},
    journal = {IEEE Annals of the History of Computing},
    author = {Von Neumann, John and Godfrey, Michael D.},
    number = {4},
    pages = {27--75},
    volume = {15},
    doi = {10.1109/85.238389},
    issn = {10586180}
}

@article{Morse1980Intel8086,
    title = {{Intel Microprocessors — 8008 to 8086}},
    year = {1980},
    journal = {Computer},
    author = {Morse, Stephen P. and Ravenel, Bruce W. and Mazor, Stanley and Pohlman, William B.},
    number = {10},
    pages = {42--60},
    volume = {13},
    doi = {10.1109/MC.1980.1653375},
    issn = {00189162}
}

@inproceedings{Watts2009Stack-basedSystems,
    title = {{Stack-based buffer overflows in Harvard class embedded systems}},
    year = {2009},
    booktitle = {IFIP Advances in Information and Communication Technology},
    author = {Watts, Kristopher and Oman, Paul},
    volume = {311},
    doi = {10.1007/978-3-642-04798-5{\_}13},
    issn = {18684238}
}

@article{Aiken2013TheI,
    title = {{The automatic sequence controlled calculator — I}},
    year = {2013},
    journal = {Electrical Engineering},
    author = {Aiken, Howard H. and Hopper, Grace M.},
    number = {8-9},
    volume = {65},
    doi = {10.1109/ee.1946.6434251},
    issn = {0095-9197}
}